@misc{dhs-einstein-2004,
 title="Privacy Impact Assessment EINSTEIN Program: Collecting, Analyzing, and Sharing Computer Security Information Across the Federal Civilian Government",
 url="https://www.dhs.gov/sites/default/files/publications/privacy_pia_eisntein.pdf",
 author={{Department of Homeland Security National Cyber Security Division, United States Computer Emergency Readiness Team(US-CERT)}},
 year=2004,
 month=Sep
 }

@misc{dhs-einstein,
 year=2018,
 note="Last access September 2, 2018",
 title="EINSTEIN",
 publisher="Department of Homeland Security",
 url="https://www.dhs.gov/einstein"
 }

@misc{dhs-e3a-pia,
 url="https://www.dhs.gov/publication/einstein-3-accelerated",
 title="Privacy Impact Assessment for EINSTEIN 3---Accelerated ($\textrm{E}^\textrm{3}\textrm{A}$)",
 year=2013,
 month=Apr,
 author="Brendan Goode and Jonathan Cantor"
}

@misc{dhs-e3a-pia2,
 url="https://www.dhs.gov/publication/einstein-3-accelerated",
 title="Privacy Impact Assessment for EINSTEIN 3---Accelerated ($\textrm{E}^\textrm{3}\textrm{A}$)",
 year=2016,
 month=May,
 author="Andy Ozment and Karen L. Neuman"
}

@inproceedings{pennington2016,
 title="The Operational Design of the 2020 Census: Overview of the Current Status",
 booktitle="JSM 2016---Survey Research Methods Section",
 year=2016,
 url="http://ww2.amstat.org/sections/srms/proceedings/y2016/files/389667.pdf",
 author="Robin A. Pennington"
 }

@misc{thompson-feb2017,
 url="https://www.census.gov/content/dam/Census/about/about-the-bureau/20170215_thompson_testimony.pdf",
 title="Prepared Statement",
 author="John H. Thompsion",
 year=2017,
 month=Feb # " 15",
 note="High-Risk Government Operations Susceptible to Waste, Fraud, and Mismanagement, Before the Committee on Homeland Security and Governmental Affairs U.S. Senate"
 }

@misc{fcsm-program,
 title="The 13th Biennial Federal Committee on Statistical Methodology (FCSM) Policy Conference",
 year=2016,
 url="http://www.copafs.org/UserFiles/file/2016FCSMPolicyProgramFinalWebVersion.pdf"
 }

@article{ottawacitizen,
 title="Hundreds attend goodbye gathering after StatCan's chief statistician quits",
 year=2016,
 month=Sep # " 21",
 url="https://ottawacitizen.com/news/local-news/canadas-chief-statistician-quits-statistic-canada",
 author="Tom Spears",
 journal="Ottawa Citizen"
 }

@misc{dick-testimony,
author="Ronald L. Dick",
month=Apr # " 05",
year=2001,
title="Ronald L. Dick, Director, National Infrastructure Protection Center, FBI, Federal Bureau of Investigation, Before the House Energy and Commerce Committee, Oversight and Investigation Subcommittee, Washington, DC",
url="https://archives.fbi.gov/archives/news/testimony/issue-of-intrusions-into-government-computer-networks"
}

@misc{rfc8446,
title="The Transport Layer Security (TLS) Protocol Version 1.3",
 url="https://tools.ietf.org/html/rfc8446",
  author="E. Rescorla",
  year=2018,
  month=Aug
  }

@misc{federal-register-2016-12-14,
 title="Confidentiality Pledge Revision Notice",
 author={{Census Bureau}},
 year=2016,
 month=Dec # " 14",
 url="https://www.federalregister.gov/documents/2016/12/14/2016-30014/confidentiality-pledge-revision-notice"}

@misc{sonicwall,
 title="Deep Packet Inspection of SSL/TLS Encrypted Traffic (DPI-SSL)",
 url="https://www.sonicwall.com/en-us/products/firewalls/security-services/dpi-ssl",
 author={{Sonic Wall}},
 year=2018,
 note="Last accessed Sept. 3, 2018"
 }

@misc{globalsign,
 title="SSL Inspection â€“ Issuing CAs and Root Considerations",
 year=2017,
 month=Sep # " 19",
 url="https://www.globalsign.com/en/blog/what-is-ssl-inspection/",
 author="Sid Desal",
 publisher={{Global Sign}},
 note="Last accessed Sept. 3, 2018"
 }

@misc{paloalto,
 title="Decryption",
 year=2018,
 url="https://www.paloaltonetworks.com/features/decryption",
 author={{Palo Alto Networks}},
 note="Last accessed Sept. 3, 2018"
 }


@inproceedings {197314,
author = {Scott Ruoti and Mark O{\textquoteright}Neill and Daniel Zappala and Kent Seamons},
title = {User Attitudes Toward the Inspection of Encrypted Traffic},
booktitle = {Twelfth Symposium on Usable Privacy and Security ({SOUPS} 2016)},
year = {2016},
isbn = {978-1-931971-31-7},
address = {Denver, CO},
pages = {131--146},
url = {https://www.usenix.org/conference/soups2016/technical-sessions/presentation/ruoti},
publisher = {{USENIX} Association},
}

@inproceedings{DBLP:conf/imc/ONeillRSZ16,
  author    = {Mark O'Neill and
               Scott Ruoti and
               Kent E. Seamons and
               Daniel Zappala},
  title     = {{TLS} Proxies: Friend or Foe?},
  booktitle = {Proceedings of the 2016 {ACM} on Internet Measurement Conference,
               {IMC} 2016, Santa Monica, CA, USA, November 14-16, 2016},
  pages     = {551--557},
  year      = {2016},
  crossref  = {DBLP:conf/imc/2016},
  url       = {http://dl.acm.org/citation.cfm?id=2987488},
  timestamp = {Sat, 19 Aug 2017 20:08:45 +0200},
  biburl    = {https://dblp.org/rec/bib/conf/imc/ONeillRSZ16},
  bibsource = {dblp computer science bibliography, https://dblp.org}
}

@proceedings{DBLP:conf/imc/2016,
  editor    = {Phillipa Gill and
               John S. Heidemann and
               John W. Byers and
               Ramesh Govindan},
  title     = {Proceedings of the 2016 {ACM} on Internet Measurement Conference,
               {IMC} 2016, Santa Monica, CA, USA, November 14-16, 2016},
  publisher = {{ACM}},
  year      = {2016},
  url       = {http://doi.acm.org/10.1145/2987443},
  doi       = {10.1145/2987443},
  isbn      = {978-1-4503-4526-2},
  timestamp = {Sat, 19 Aug 2017 20:08:45 +0200},
  biburl    = {https://dblp.org/rec/bib/conf/imc/2016},
  bibsource = {dblp computer science bibliography, https://dblp.org}
}


@techreport{wcapi,
 title="Web Cryptography API",
 author="Mark Watson",
 year=2017,
 institution="World Wide Web Consortium",
 number="REC-WebCryptoAPI-20170126",
 url="https://www.w3.org/TR/WebCryptoAPI/"
 }